
@mastersthesis{wal10,
	title = {Portierung des Echtzeitbetriebssystems "`RODOS"' auf eine ARM7 Plattform},
	author = {David Paul Waleczek},
	school = {Jadehochschule Wilhelmshaven/Oldenburg/Elsfleth},
	month = {Februar},
	type = {Bachelorarbeit},
	year = {2010}
}

@mastersthesis{red10,
	title = {Modelling and Development of a Magnetic Levitation System for Fault-Tolerance Demonstration of a Hard Real-Time Avionics},
	author = {Atheel Redah},
	school = {University of Kaiserslautern},
	month = {May},
	type = {Master Thesis},
	year = {2010}
}
